@article{osokin2017gans,
	title={GANs for Biological Image Synthesis},
	author={Osokin, Anton and Chessel, Anatole and Salas, Rafael E Carazo and Vaggi, Federico},
	journal={arXiv preprint arXiv:1708.04692},
	year={2017}
}
@article{liu2017unsupervised,
	title={Unsupervised Image-to-Image Translation Networks},
	author={Liu, Ming-Yu and Breuel, Thomas and Kautz, Jan},
	journal={arXiv preprint arXiv:1703.00848},
	year={2017}
}
@inproceedings{burgos2015robust,
	title={Robust CT synthesis for radiotherapy planning: application to the head and neck region},
	author={Burgos, Ninon and Cardoso, M Jorge and Guerreiro, Filipa and Veiga, Catarina and Modat, Marc and McClelland, Jamie and Knopf, Antje-Christin and Punwani, Shonit and Atkinson, David and Arridge, Simon R and others},
	booktitle={International Conference on Medical Image Computing and Computer-Assisted Intervention (MICCAI)},
	pages={476--484},
	year={2015},
}
@inproceedings{van2015cross,
	title={Cross-domain synthesis of medical images using efficient location-sensitive deep network},
	author={Van Nguyen, Hien and Zhou, Kevin and Vemulapalli, Raviteja},
	booktitle={International Conference on Medical Image Computing and Computer-Assisted Intervention},
	pages={677--684},
	year={2015},
}
@inproceedings{iglesias2013synthesizing,
	title={Is synthesizing MRI contrast useful for inter-modality analysis?},
	author={Iglesias, Juan Eugenio and Konukoglu, Ender and Zikic, Darko and Glocker, Ben and Van Leemput, Koen and Fischl, Bruce},
	booktitle={International Conference on Medical Image Computing and Computer-Assisted Intervention (MICCAI)},
	pages={631--638},
	year={2013},
}
@inproceedings{vemulapalli2015unsupervised,
	title={Unsupervised cross-modal synthesis of subject-specific scans},
	author={Vemulapalli, Raviteja and Van Nguyen, Hien and Kevin Zhou, Shaohua},
	booktitle={Proceedings of the IEEE International Conference on Computer Vision (ICCV)},
	pages={630--638},
	year={2015}
}
@inproceedings{van2015cross,
	title={Cross-domain synthesis of medical images using efficient location-sensitive deep network},
	author={Van Nguyen, Hien and Zhou, Kevin and Vemulapalli, Raviteja},
	booktitle={International Conference on Medical Image Computing and Computer-Assisted Intervention},
	pages={677--684},
	year={2015},
	organization={Springer}
}
@article{liu2017unsupervised,
	title={Unsupervised Image-to-Image Translation Networks},
	author={Liu, Ming-Yu and Breuel, Thomas and Kautz, Jan},
	journal={arXiv preprint arXiv:1703.00848},
	year={2017}
}
@article{cao2017dual,
	title={Dual-core steered non-rigid registration for multi-modal images via bi-directional image synthesis},
	author={Cao, Xiaohuan and Yang, Jianhua and Gao, Yaozong and Guo, Yanrong and Wu, Guorong and Shen, Dinggang},
	journal={Medical Image Analysis},
	year={2017},
}
@article{taigman2016unsupervised,
	title={Unsupervised cross-domain image generation},
	author={Taigman, Yaniv and Polyak, Adam and Wolf, Lior},
	journal={arXiv preprint arXiv:1611.02200},
	year={2016}
}
@inproceedings{liu2016coupled,
	title={Coupled generative adversarial networks},
	author={Liu, Ming-Yu and Tuzel, Oncel},
	booktitle={Advances in neural information processing systems (NIPS)},
	pages={469--477},
	year={2016}
}
@article{arjovsky2017wasserstein,
	title={Wasserstein gan},
	author={Arjovsky, Martin and Chintala, Soumith and Bottou, L{\'e}on},
	journal={arXiv preprint arXiv:1701.07875},
	year={2017}
}
@inproceedings{roth2014new,
	title={A new 2.5 D representation for lymph node detection using random sets of deep convolutional neural network observations},
	author={Roth, Holger R and Lu, Le and Seff, Ari and Cherry, Kevin M and Hoffman, Joanne and Wang, Shijun and Liu, Jiamin and Turkbey, Evrim and Summers, Ronald M},
	booktitle={International Conference on Medical Image Computing and Computer-Assisted Intervention (MICCAI)},
	pages={520--527},
	year={2014},
}
@article{luc2016semantic,
  title={Semantic segmentation using adversarial networks},
  author={Luc, Pauline and Couprie, Camille and Chintala, Soumith and Verbeek, Jakob},
  journal={NIPS Workshop on Adversarial Training},
  year={2016}
}
@inproceedings{ronneberger2015u,
	title={U-net: Convolutional networks for biomedical image segmentation},
	author={Ronneberger, Olaf and Fischer, Philipp and Brox, Thomas},
	booktitle={International Conference on Medical Image Computing and Computer-Assisted Intervention (MICCAI)},
	pages={234--241},
	year={2015},
}
@article{kohl2017adversarial,
  title={Adversarial Networks for the Detection of Aggressive Prostate Cancer},
  author={Kohl, Simon and Bonekamp, David and Schlemmer, Heinz-Peter and Yaqubi, Kaneschka and Hohenfellner, Markus and Hadaschik, Boris and Radtke, Jan-Philipp and Maier-Hein, Klaus},
  journal={arXiv preprint arXiv:1702.08014},
  year={2017}
}
@article{costa2017towards,
  title={Towards Adversarial Retinal Image Synthesis},
  author={Costa, Pedro and Galdran, Adrian and Meyer, Maria In{\^e}s and Abr{\`a}moff, Michael David and Niemeijer, Meindert and Mendon{\c{c}}a, Ana Maria and Campilho, Aur{\'e}lio},
  journal={arXiv preprint arXiv:1701.08974},
  year={2017}
}
@inproceedings{kamnitsas2017unsupervised,
  title={Unsupervised domain adaptation in brain lesion segmentation with adversarial networks},
  author={Kamnitsas, Konstantinos and Baumgartner, Christian and Ledig, Christian and Newcombe, Virginia and Simpson, Joanna and Kane, Andrew and Menon, David and Nori, Aditya and Criminisi, Antonio and Rueckert, Daniel and others},
  booktitle={International Conference on Information Processing in Medical Imaging},
  pages={597--609},
  year={2017},
}
@article{nie2016medical,
  title={Medical Image Synthesis with Context-Aware Generative Adversarial Networks},
  author={Nie, Dong and Trullo, Roger and Petitjean, Caroline and Ruan, Su and Shen, Dinggang},
  journal={arXiv preprint arXiv:1612.05362},
  year={2016}
}
@article{yi2017dualgan,
	title={DualGAN: Unsupervised Dual Learning for Image-to-Image Translation},
	author={Yi, Zili and Zhang, Hao and Gong, Ping Tan and others},
	journal={arXiv preprint arXiv:1704.02510},
	year={2017}
}
@inproceedings{kim2017learning,
	title={Learning to discover cross-domain relations with generative adversarial networks},
	author={Kim, Taeksoo and Cha, Moonsu and Kim, Hyunsoo and Lee, Jungkwon and Kim, Jiwon},
	booktitle={International Conference on Machine Learning (ICML)}, 
	year={2017}
}
@article{zhu2017unpaired,
  title={Unpaired image-to-image translation using cycle-consistent adversarial networks},
  author={Zhu, Jun-Yan and Park, Taesung and Isola, Phillip and Efros, Alexei A},
  journal={Proceedings of the IEEE International Conference on Computer Vision (ICCV)},
  year={2017}
}
@article{odena2016deconvolution,
  author = {Odena, Augustus and Dumoulin, Vincent and Olah, Chris},
  title = {Deconvolution and Checkerboard Artifacts},
  journal = {Distill},
  year = {2016},
}
@inproceedings{salimans2016improved,
  title={Improved techniques for training gans},
  author={Salimans, Tim and Goodfellow, Ian and Zaremba, Wojciech and Cheung, Vicki and Radford, Alec and Chen, Xi},
  booktitle={Advances in Neural Information Processing Systems (NIPS)},
  pages={2234--2242},
  year={2016}
}
@article{isola2016image,
  title={Image-to-image translation with conditional adversarial networks},
  author={Isola, Phillip and Zhu, Jun-Yan and Zhou, Tinghui and Efros, Alexei A},
  journal={Proceedings of the IEEE Conference on Computer Vision
  and Pattern Recognition (CVPR)},
  year={2017}
}

@article{shrivastava2016learning,
  title={Learning from simulated and unsupervised images through adversarial training},
  author={Shrivastava, Ashish and Pfister, Tomas and Tuzel, Oncel and Susskind, Josh and Wang, Wenda and Webb, Russ},
  journal={Proceedings of the IEEE Conference on Computer Vision
  and Pattern Recognition (CVPR)},
  year={2017}
}
@article{bousmalis2016unsupervised,
  title={Unsupervised pixel-level domain adaptation with generative adversarial networks},
  author={Bousmalis, Konstantinos and Silberman, Nathan and Dohan, David and Erhan, Dumitru and Krishnan, Dilip},
  journal={Proceedings of the IEEE Conference on Computer Vision
  and Pattern Recognition (CVPR)},
  year={2017}
}
@article{ulyanov2016instance,
	title={Instance normalization: The missing ingredient for fast stylization},
	author={Ulyanov, Dmitry and Vedaldi, Andrea and Lempitsky, Victor},
	journal={arXiv preprint arXiv:1607.08022},
	year={2016}
}
@inproceedings{ioffe2015batch,
	title={Batch normalization: Accelerating deep network training by reducing internal covariate shift},
	author={Ioffe, Sergey and Szegedy, Christian},
	booktitle={International Conference on Machine Learning (ICML)},
	pages={448--456},
	year={2015}
}
@article{huang2017simultaneous,
	title={Simultaneous Super-Resolution and Cross-Modality Synthesis of 3D Medical Images using Weakly-Supervised Joint Convolutional Sparse Coding},
	author={Huang, Yawen and Shao, Ling and Frangi, Alejandro F},
	journal={Proceedings of the IEEE Conference on Computer Vision
	and Pattern Recognition (CVPR)},
	year={2017}
}
@inproceedings{vemulapalli2015unsupervised,
	title={Unsupervised cross-modal synthesis of subject-specific scans},
	author={Vemulapalli, Raviteja and Van Nguyen, Hien and Kevin Zhou, Shaohua},
	booktitle={Proceedings of the IEEE International Conference on Computer Vision (ICCV)},
	pages={630--638},
	year={2015}
}
@article{kingma2014adam,
	title={Adam: A method for stochastic optimization},
	author={Kingma, Diederik and Ba, Jimmy},
	journal={arXiv preprint arXiv:1412.6980},
	year={2014}
}
@inproceedings{johnson2016perceptual,
	title={Perceptual losses for real-time style transfer and super-resolution},
	author={Johnson, Justin and Alahi, Alexandre and Fei-Fei, Li},
	booktitle={European Conference on Computer Vision (ECCV)},
	pages={694--711},
	year={2016},
}
@inproceedings{zhang2016colorful,
	title={Colorful image colorization},
	author={Zhang, Richard and Isola, Phillip and Efros, Alexei A},
	booktitle={European Conference on Computer Vision (ECCV)},
	pages={649--666},
	year={2016},
}
@article{yang2017automatic,
	title={Automatic Liver Segmentation Using an Adversarial Image-to-Image Network},
	author={Yang, Dong and Xu, Daguang and Zhou, S Kevin and Georgescu, Bogdan and Chen, Mingqing and Grbic, Sasa and Metaxas, Dimitris and Comaniciu, Dorin},
	journal={International Conference on Medical Image Computing and Computer-Assisted Intervention (MICCAI)},
	year={2017}
}
@article{berthelot2017began,
	title={Began: Boundary equilibrium generative adversarial networks},
	author={Berthelot, David and Schumm, Tom and Metz, Luke},
	journal={arXiv preprint arXiv:1703.10717},
	year={2017}
}
@article{dice1945measures,
	title={Measures of the amount of ecologic association between species},
	author={Dice, Lee R},
	journal={Ecology},
	volume={26},
	number={3},
	pages={297--302},
	year={1945},
	publisher={Wiley Online Library}
}
@inproceedings{zhang2016stackgan,
	title={Stackgan: Text to photo-realistic image synthesis with stacked generative adversarial networks},
	author={Zhang, Han and Xu, Tao and Li, Hongsheng and Zhang, Shaoting and Huang, Xiaolei and Wang, Xiaogang and Metaxas, Dimitris},
	booktitle={Proceedings of the IEEE International Conference on Computer Vision (ICCV)},
	year={2017}
}
@inproceedings{he2016deep,
	title={Deep residual learning for image recognition},
	author={He, Kaiming and Zhang, Xiangyu and Ren, Shaoqing and Sun, Jian},
	booktitle={Proceedings of the IEEE conference on computer vision and pattern recognition},
	pages={770--778},
	year={2016}
}
@inproceedings{goodfellow2014generative,
	title={Generative adversarial nets},
	author={Goodfellow, Ian and Pouget-Abadie, Jean and Mirza, Mehdi and Xu, Bing and Warde-Farley, David and Ozair, Sherjil and Courville, Aaron and Bengio, Yoshua},
	booktitle={Advances in neural information processing systems (NIPS)},
	pages={2672--2680},
	year={2014}
}
@article{radford2015unsupervised,
	title={Unsupervised representation learning with deep convolutional generative adversarial networks},
	author={Radford, Alec and Metz, Luke and Chintala, Soumith},
	journal={arXiv preprint arXiv:1511.06434},
	year={2015}
}