@article{reed2016generative,
	title={Generative adversarial text to image synthesis},
	author={Reed, Scott and Akata, Zeynep and Yan, Xinchen and Logeswaran, Lajanugen and Schiele, Bernt and Lee, Honglak},
	journal={arXiv preprint arXiv:1605.05396},
	year={2016}
}
@article{dong2017semantic,
	title={Semantic Image Synthesis via Adversarial Learning},
	author={Dong, Hao and Yu, Simiao and Wu, Chao and Guo, Yike},
	journal={arXiv preprint arXiv:1707.06873},
	year={2017}
}
@article{isola2016image,
	title={Image-to-image translation with conditional adversarial networks},
	author={Isola, Phillip and Zhu, Jun-Yan and Zhou, Tinghui and Efros, Alexei A},
	journal={arXiv preprint arXiv:1611.07004},
	year={2016}
}
@inproceedings{han2017stackgan,
	Author = {Han Zhang and Tao Xu and Hongsheng Li and Shaoting Zhang and Xiaogang Wang and Xiaolei Huang and Dimitris Metaxas},
	Title = {StackGAN: Text to Photo-realistic Image Synthesis with Stacked Generative Adversarial Networks},
	Year = {2017},
	booktitle = {{ICCV}},
}
@inproceedings{lee2015deeply,
	title={Deeply-supervised nets},
	author={Lee, Chen-Yu and Xie, Saining and Gallagher, Patrick and Zhang, Zhengyou and Tu, Zhuowen},
	booktitle={Artificial Intelligence and Statistics},
	pages={562--570},
	year={2015}
}